<?xml version="1.0" encoding="UTF-8"?><collection xmlns="http://www.loc.gov/MARC21/slim"><record><leader>00376nam--2200133-i-4500</leader><controlfield tag="001">000011211</controlfield><controlfield tag="002">20161230</controlfield><controlfield tag="005">20161230201029</controlfield><controlfield tag="008">060222s1000------------r-----000-0-eng-d</controlfield><datafield ind1=" " ind2=" " tag="080"><subfield code="a">517.9:53:62</subfield></datafield><datafield ind1=" " ind2=" " tag="100"><subfield code="a">Bellman, Richard</subfield></datafield><datafield ind1=" " ind2=" " tag="245"><subfield code="a">Perturbation techniques in mathematics, physics and engineering</subfield></datafield><datafield ind1=" " ind2=" " tag="260"><subfield code="a">New York, Dover Publications, Inc., 1966. 118 P</subfield></datafield><datafield ind1=" " ind2=" " tag="852"><subfield code="a">41663</subfield></datafield></record></collection>